
@inproceedings{goyal2017making,
  title={{Making the V in VQA Matter: Elevating the Role of Image Understanding in Visual Question Answering}},
  author={Goyal, Yash and Khot, Tejas and Summers-Stay, Douglas and Batra, Dhruv and Parikh, Devi},
  booktitle={Proceedings of the IEEE conference on computer vision and pattern recognition},
  pages={6904--6913},
  year={2017}
}

@article{kafle2017visual,
title={Visual question answering: Datasets, algorithms, and future challenges},
author={Kafle, Kushal and Kanan, Christopher},
journal={Computer Vision and Image Understanding},
volume={163},
pages={3--20},
year={2017},
publisher={Elsevier}
}

@inproceedings{antol2015vqa,
  title={Vqa: Visual question answering},
  author={Antol, Stanislaw and Agrawal, Aishwarya and Lu, Jiasen and Mitchell, Margaret and Batra, Dhruv and Zitnick, C Lawrence and Parikh, Devi},
  booktitle={Proceedings of the IEEE international conference on computer vision},
  pages={2425--2433},
  year={2015}
}

@misc{google_scholar,
  author       = {Google},
  title        = {{Google Scholar}},
  howpublished = {\\ \url{https://scholar.google.com/}},
  note         = {\\Accessed: 05-06-2022}
}

@article{fort2011amazon,
  title={Amazon Mechanical Turk: Gold mine or coal mine?},
  author={Fort, Kar{\"e}n and Adda, Gilles and Cohen, Kevin Bretonnel},
  journal={Computational Linguistics},
  pages={413--420},
  year={2011}
}