
% INTRODUCTION

@article{nadkarni2011natural,
  title     = {Natural language processing: an introduction},
  author    = {Nadkarni, Prakash M and Ohno-Machado, Lucila and Chapman, Wendy W},
  journal   = {Journal of the American Medical Informatics Association},
  volume    = {18},
  number    = {5},
  pages     = {544--551},
  year      = {2011},
  publisher = {Oxford Academic}
}

@misc{IBM_NLP,
  author       = {IBM},
  title        = {{Natural Language Processing (NLP)}},
  howpublished = {\\ \url{https://www.ibm.com/cloud/learn/natural-language-processing}},
  note         = {\\Accessed: 21-05-2022}
}

@misc{TDS_NLP,
  author       = {Towards Data Science},
  title        = {{The Importance of Natural Language Processing for Non-English Languages}},
  howpublished = {\\ \url{https://towardsdatascience.com/the-importance-of-natural-language-processing-for-non-english-languages-ada463697b9d}},
  note         = {\\Accessed: 21-05-2022}
}

% DATASET

@inproceedings{Chalkidis2021MultiEURLEXA,
  title={{MultiEURLEX - A multi-lingual and multi-label legal document classification dataset for zero-shot cross-lingual transfer}},
  author={Ilias Chalkidis and Manos Fergadiotis and Ion Androutsopoulos},
  booktitle={EMNLP},
  year={2021}
}